<record><leader>00000cas a22000007a 4500</leader><controlfield tag="001">14950389</controlfield><controlfield tag="008">861210c19749999txucr ne      0   a0eng d</controlfield><datafield ind1=" " ind2=" " tag="010"><subfield code="a">sn 86090371 </subfield></datafield><datafield ind1=" " ind2=" " tag="040"><subfield code="a">PPM</subfield><subfield code="b">eng</subfield><subfield code="c">PPM</subfield><subfield code="d">NSD</subfield><subfield code="d">OCLCQ</subfield></datafield><datafield ind1=" " ind2=" " tag="012"><subfield code="l">1</subfield></datafield><datafield ind1="1" ind2=" " tag="022"><subfield code="a">1076-7266</subfield><subfield code="l">1076-7266</subfield><subfield code="2">1</subfield></datafield><datafield ind1=" " ind2=" " tag="037"><subfield code="b">Wharton Journal-Spectator, 115 W. Burleson St., Wharton, TX 77488</subfield></datafield><datafield ind1=" " ind2=" " tag="042"><subfield code="a">msc</subfield><subfield code="a">nsdp</subfield></datafield><datafield ind1=" " ind2="0" tag="222"><subfield code="a">Wharton journal-spectator</subfield></datafield><datafield ind1="0" ind2="4" tag="245"><subfield code="a">The Wharton journal-spectator.</subfield></datafield><datafield ind1=" " ind2=" " tag="260"><subfield code="a">Wharton, Tex. :</subfield><subfield code="b">V.M. Preston,</subfield><subfield code="c">1974-</subfield></datafield><datafield ind1=" " ind2=" " tag="300"><subfield code="a">v. :</subfield><subfield code="b">ill.</subfield></datafield><datafield ind1=" " ind2=" " tag="310"><subfield code="a">Semiweekly</subfield></datafield><datafield ind1="0" ind2=" " tag="362"><subfield code="a">Vol. 85, no. 1 (May 12, 1974)-</subfield></datafield><datafield ind1=" " ind2=" " tag="500"><subfield code="a">Continues numbering of Wharton spectator.</subfield></datafield><datafield ind1=" " ind2=" " tag="588"><subfield code="a">Latest issue consulted: May 21, 1994.</subfield></datafield><datafield ind1=" " ind2=" " tag="752"><subfield code="a">United States</subfield><subfield code="b">Texas</subfield><subfield code="c">Wharton</subfield><subfield code="d">Wharton.</subfield></datafield><datafield ind1="0" ind2="4" tag="780"><subfield code="t">Wharton journal</subfield><subfield code="w">(DLC)sn 86090372</subfield></datafield><datafield ind1="0" ind2="4" tag="780"><subfield code="t">Wharton spectator</subfield><subfield code="w">(DLC)sn 86090430</subfield></datafield></record>